%
% $Id: userguide.bib 157 2006-11-30 08:25:24Z schnelle $
%

@Misc{apache:tomcat,
  key =          {Apache Tomcat},
  title=         {{A}pache {T}omcat},
  howpublished = {\url{http://tomcat.apache.org}},
  institution =  {The Apache Software Foundation}
}

@Misc{gnu:lgpg,
  key =          {LGPL},
  title=         {{G}{N}{U} library general public license},
  howpublished = {\url{http://www.opensource.org/licenses/lgpl-license.php}},
  author =  {GNU}
}

@Misc{w3.org:voicexml,
  key =          {VoiceXML},
  title=         {{V}oice {E}xtensible {M}arkup {L}anguage ({V}oice{X}{M}{L}) {V}ersion 2.0},
  howpublished = {\url{http://www.w3.org/TR/voicexml20/}},
  author =  {{W}3{C}},
  month = {March},
  year = {2004}
}

@Misc{sourceforge,
  key =          {SourceForge.net},
  title=         {{S}ource{F}orge.net},
  howpublished = {\url{http://sourceforge.net}},
  institution =  {SourceForge}
}

@Misc{sun:jndi,
  key = 	 {JNDI},
  OPTauthor = 	 {{J}ava {N}aming and {D}irectory {I}nterface ({J}{N}{D}{I})},
  title = 	 {SUN},
  howpublished = {http://java.sun.com/products/jndi/},
  OPTmonth = 	 {},
  OPTyear = 	 {},
  OPTnote = 	 {},
  OPTannote = 	 {}
}

@Misc{sun:jsapi,
  key =          {JSAPI},
  title=         {{J}ava {S}peech {A}{P}{I} 1.0 ({J}{S}{A}{P}{I})},
  howpublished = {\url{http://java.sun.com/products/java-media/speech/forDevelopers/jsapi-doc/index.html}},
  author =  {SUN}
}

@Misc{sun:jtapi,
  key =          {JTAPI},
  title=         {{J}ava {T}elephony {A}{P}{I} ({J}{T}{A}{P}{I})},
  howpublished = {\url{http://java.sun.com/products/jtapi/}},
  author =  {SUN}
}

@Misc{sun:rmi,
  key = 	 {RMI},
  author = 	 {SUN},
  title = 	 {{J}ava {R}emote {M}ethod {I}nvocation ({J}ava {R}{M}{I})},
  howpublished = {http://java.sun.com/products/jdk/rmi/},
  OPTmonth = 	 {},
  OPTyear = 	 {},
  OPTnote = 	 {},
  OPTannote = 	 {}
}
@Misc{sun:rmi_jndi,
  key = 	 {RMI JNDI},
  author = 	 {SUN},
  title = 	 {{R}{M}{I} {R}egistry {S}ervice {P}rovider for the {J}ava {N}aming and {D}irectory {I}nterface ({J}{N}{D}{I})},
  howpublished = {http://java.sun.com/j2se/1.5.0/docs/guide/jndi/jndi-rmi.html},
  OPTmonth = 	 {},
  OPTyear = 	 {},
  OPTnote = 	 {},
  OPTannote = 	 {}
}

@Misc{w3c:2000:jsgf,
  key = 	 {{JS}peech {G}rammar {F}ormat},
  author = 	 {Andrew Hunt},
  title = 	 {JSpeech Grammar Format},
  howpublished = {\url{http://www.w3.org/TR/jsgf }},
  month = 	 jun,
  year = 	 {2000},
  OPTnote = 	 {},
  OPTannote = 	 {}
}

@MISC{w3c:mmi,
  author = {Michael Bodell AND Deborah Dahl AND Ingmar Kliche AND Jim Larson AND Raj Tumuluri AND Moshe Yudkowsky AND Muthuselvam Selvaraj AND Brad Porter AND Dave Raggett AND T.V. Raman AND Andrew Wahbe},
  title = {{Multimodal Architecture and Interfaces}},
  howpublished = {\url{http://www.w3.org/TR/mmi-arch/}},
  month = jan,
  year = {2011},
  note = {W3C Working Draft},
  owner = {artem},
  timestamp = {2011.09.21}
}
