%
% $Id: howtobuild.bib,v 1.6 2005/10/21 12:26:28 schnelle Exp $
%

@Misc{w3.org:voicexml,
  key =          {VoiceXML},
  title=         {{V}oice {E}xtensible {M}arkup {L}anguage ({V}oice{X}{M}{L}) {V}ersion 2.0},
  howpublished = {\url{http://www.w3.org/TR/voicexml20/}},
  author =  {{W}3{C}},
  month = {March},
  year = {2004}
}


@Misc{apache:ant,
  key =          {ANT},
  title=         {Apache {A}{N}{T}},
  howpublished = {\url{http://ant.apache.org}},
  author =  {Apache}
}

@Misc{apache:log4j,
  key =          {log4j},
  title=         {log4j},
  howpublished = {\url{http://logging.apache.org/log4j}},
  author =  {Apache}
}

@Misc{sourceforge,
  key =          {SourceForge.net},
  title=         {{S}ource{F}orge.net},
  howpublished = {\url{http://sourceforge.net}},
  institution =  {SourceForge}
}

@Misc{sun:jsapi,
  key =          {JSAPI},
  title=         {{J}ava {S}peech {A}{P}{I} 1.0 ({J}{S}{A}{P}{I})},
  howpublished = {\url{http://java.sun.com/products/java-media/speech/forDevelopers/jsapi-doc/index.html}},
  author =  {SUN}
}

@Misc{sun:jtapi,
  key =          {JTAPI},
  title=         {{J}ava {T}elephony {A}{P}{I} ({J}{T}{A}{P}{I})},
  howpublished = {\url{http://java.sun.com/products/jtapi/}},
  author =  {SUN}
}

@Misc{jcp,
  key =          {JCP},
  title=         {{J}ava {C}ommunity {P}rocess},
  howpublished = {\url{http://www.jcp.org}},
  author =  {JCP}
}

@Misc{jcp:jsr113,
  key =          {JSR 113: Java Speech API 2.0},
  title=         {{J}{S}{R} 113 {J}ava {S}peech {A}{P}{I} 2.0},
  howpublished = {\url{http://www.jcp.org/en/jsr/detail?id=113}},
  author =  {JCP}
}

@Misc{conversay:jsr113,
  key =          {Conversay: Java Speech API 2.0},
  title=         {Conversations},
  howpublished = {\url{http://www.conversations.com}},
  author =  {Conversay}
}

@Misc{sun:codeconv,
  key =          {SUN Code Conventions},
  title=         {{S}{U}{N} {C}ode {C}onventions},
  howpublished = {\url{http://java.sun.com/docs/codeconv/}},
  author =  {SUN}
}

@Misc{sun:javadoc_guidelines,
  key =          {Javadoc guidelines},
  title=         {Javadoc guidelines},
  howpublished = {\url{http://java.sun.com/j2se/javadoc/writingdoccomments/index.html}},
  author =  {SUN}
}

@Misc{gnu:lgpg,
  key =          {LGPL},
  title=         {{G}{N}{U} library general public license},
  howpublished = {\url{http://www.opensource.org/licenses/lgpl-license.php}},
  author =  {GNU}
}

@Misc{freetts,
  key =          {FreeTTS},
  title=         {{F}ree{T}{T}{S}},
  howpublished = {\url{http://freetts.sourceforge.net}}
}

@Misc{sphinx,
  key =          {CMU sphinx 4},
  title=         {{C}{M}{U} {S}hinx 4},
  howpublished = {\url{http://cmusphinx.sourceforge.net}}
}

@Misc{rhino,
  key =          {Rhino: JavaScript for Java},
  title=         {{R}hino: {J}ava{S}cript for {J}ava},
  howpublished = {\url{http://www.mozilla.org/rhino/}}
}

@Misc{checkstyle,
  key =          {checkstyle},
  title=         {checkstyle},
  howpublished = {\url{http://checkstyle.sourceforge.net}}
}

@Misc{checkstyle:rfe925070,
  key =          {checkstyle JDK 1.5 support},
  title=         {Checkstyle {J}{D}{K} 1.5 support (generics, foreach, ...)},
  howpublished = {\url{http://sourceforge.net/tracker/index.php?func=detail&aid=925070&group_id=29721&atid=397081}}
}

@Misc{tortoisecvs,
  key =          {TortoiseCVS},
  title=         {{T}ortoise{C}{V}{S}},
  howpublished = {\url{http://tortoisecvs.sourceforge.net}}
}

@Misc{cygwin,
  key =          {cywin},
  title=         {cygwin},
  howpublished = {\url{http://www.cygwin.com}}
}

@Misc{tauber:inheritdoc,
  key =          {Tauber},
  author =       {James Tauber},
  title=         {{I}nheriting {D}oc in {J}avadoc and {E}clips},
  howpublished = {\url{http://www.jtauber.com/blog/2004/05/11/inheriting_doc_in_javadoc_and_eclipse}}
}

@MISC{google:protobuf,
  title={Protocol Buffers},
  author={Google},
  howpublished={\url{http://code.google.com/apis/protocolbuffers/}},
}

