%
% $Id: userguide.bib,v 1.2 2006/04/27 08:08:58 schnelle Exp $
%

@Misc{w3.org:voicexml,
  key =          {VoiceXML},
  title=         {{V}oice {E}xtensible {M}arkup {L}anguage ({V}oice{X}{M}{L}) {V}ersion 2.0},
  howpublished = {\url{http://www.w3.org/TR/voicexml20/}},
  author =  {{W}3{C}},
  month = {March},
  year = {2004}
}

@Misc{sourceforge,
  key =          {SourceForge.net},
  title=         {{S}ource{F}orge.net},
  howpublished = {\url{http://sourceforge.net}},
  institution =  {SourceForge}
}

@Misc{sun:jndi,
  key = 	 {JNDI},
  OPTauthor = 	 {{J}ava {N}aming and {D}irectory {I}nterface ({J}{N}{D}{I})},
  title = 	 {SUN},
  howpublished = {http://java.sun.com/products/jndi/},
  OPTmonth = 	 {},
  OPTyear = 	 {},
  OPTnote = 	 {},
  OPTannote = 	 {}
}

@Misc{sun:jsapi,
  key =          {JSAPI},
  title=         {{J}ava {S}peech {A}{P}{I} 1.0 ({J}{S}{A}{P}{I})},
  howpublished = {\url{http://java.sun.com/products/java-media/speech/forDevelopers/jsapi-doc/index.html}},
  author =  {SUN}
}

@Misc{sun:jtapi,
  key =          {JTAPI},
  title=         {{J}ava {T}elephony {A}{P}{I} ({J}{T}{A}{P}{I})},
  howpublished = {\url{http://java.sun.com/products/jtapi/}},
  author =  {SUN}
}

@Misc{sun:rmi,
  key = 	 {RMI},
  author = 	 {SUN},
  title = 	 {{J}ava {R}emote {M}ethod {I}nvocation ({J}ava {R}{M}{I})},
  howpublished = {http://java.sun.com/products/jdk/rmi/},
  OPTmonth = 	 {},
  OPTyear = 	 {},
  OPTnote = 	 {},
  OPTannote = 	 {}
}
@Misc{sun:rmi_jndi,
  key = 	 {RMI JNDI},
  author = 	 {SUN},
  title = 	 {{R}{M}{I} {R}egistry {S}ervice {P}rovider for the {J}ava {N}aming and {D}irectory {I}nterface ({J}{N}{D}{I})},
  howpublished = {http://java.sun.com/j2se/1.5.0/docs/guide/jndi/jndi-rmi.html},
  OPTmonth = 	 {},
  OPTyear = 	 {},
  OPTnote = 	 {},
  OPTannote = 	 {}
}

