%
% $Id: architecture.bib,v 1.2 2005/09/12 07:48:52 schnelle Exp $
%

@Misc{freetts,
  key =          {FreeTTS},
  title=         {{F}ree{T}{T}{S}},
  howpublished = {\url{http://freetts.sourceforge.net}}
}

@BOOK{gamma:design_patterns,
    year = "1995",
    title = "Design Patterns: Elements of Reusable Object-Oriented Software",
    publisher = "Addison-Wesley",
    design = "E. Gamma and R. Helm and R. Johnson and J. Vlissides",
}

@Misc{sphinx,
  key =          {CMU sphinx 4},
  title=         {{C}{M}{U} {S}hinx 4},
  howpublished = {\url{http://cmusphinx.sourceforge.net}}
}

@Misc{sourceforge,
  key =          {SourceForge.net},
  title=         {{S}ource{F}orge.net},
  howpublished = {\url{http://sourceforge.net}},
  institution =  {SourceForge}
}

@Misc{sun:jsapi,
  key =          {JSAPI},
  title=         {{J}ava {S}peech {A}{P}{I} 1.0 ({J}{S}{A}{P}{I})},
  howpublished = {\url{http://java.sun.com/products/java-media/speech/forDevelopers/jsapi-doc/index.html}},
  author =  {SUN}
}

@Misc{sun:jtapi,
  key =          {JTAPI},
  title=         {{J}ava {T}elephony {A}{P}{I} ({J}{T}{A}{P}{I})},
  howpublished = {\url{http://java.sun.com/products/jtapi/}},
  author =  {SUN}
}

@Misc{w3.org:addressing,
  key =          {addressing},
  title=         {{N}aming and {A}ddressing: {U}{R}{I}s, {U}{R}{L}s, ...},
  howpublished = {\url{http://www.w3.org/Addressing/}},
  author =  {{W}3{C}},
  month = feb,
  year = {2005}
}



@Misc{w3.org:voicexml,
  key =          {VoiceXML},
  title=         {{V}oice {E}xtensible {M}arkup {L}anguage ({V}oice{X}{M}{L}) {V}ersion 2.0},
  howpublished = {\url{http://www.w3.org/TR/voicexml20/}},
  author =  {{W}3{C}},
  month = mar,
  year = {2004}
}

